@BOOK{Krug,
      author =       "KRUG, Steve",
      title =        "{\it Don't Make Me Think, Revisited: A Common Sense Approach to Web Usability}",
      publisher =    "New Riders",
      year =         "2006",
      isbn =         "978-0321344755",
    }

    @BOOK{Norman,
      author =       "NORMAN, Don",
      title =        "{\it The Design of Everyday Things}",
      publisher =    "Basic Books",
      year =         "2013",
      isbn =         "978-0-465-05065-9",
    }
    
    @BOOK{Dix,
      author =       "DIX, Alan and Janet FINLAY and Gregory D. ABOWD and Russell BEALE",
      title =        "{\it Humanâ€“Computer Interaction}",
      publisher =    "Pearson Education Limited",
      year =         "2004",
      isbn =         "978-0-13-046109-4",
    }
    
    @BOOK{Young,
      author =       "YOUNG, Indi",
      title =        "{\it Practical Empathy: For Collaboration and Creativity in Your Work}",
      publisher =    "Rosenfeld Media",
      year =         "2015",
      isbn =         "978-1933820484",
    }
    
    @BOOK{Kahneman,
      author =       "KAHNEMAN, Daniel",
      title =        "{\it Thinking, Fast and Slow}",
      publisher =    "Farrar, Straus and Giroux",
      year =         "2011",
      isbn =         "978-0374275631",
    }
   
    @BOOK{Bordens,
      author =       "BORDENS, Kenneth S. and Bruce B. ABBOTT",
      title =        "{\it Research Design and Methods: A Process Approach}",
      publisher =    "McGraw-Hill Education",
      year =         "2013",
      isbn =         "978-0078035456",
    }
    
    @MISC{McKay,
      author =       "MCKAY, Everett",
      title =        "{\it Ui is Communication: How to design intuitive, user-centered interfaces by focusing on effective communication}",
      howpublished = "Online",
      year =         "2014",
      month =        Feb,
      url =          "https://www.slideshare.net/EverettMcKay/ui-is-communication-how-to-design-intuitive-usercentered-interfaces-by-focusing-on-effective-communication",
      note =         "[Online; accessed 26.02.2018]"
   }
   
   @MISC{Oxford,
      author =       {{University Oxford Press}},
      title =        "{\it User interface}",
      url =          "https://en.oxforddictionaries.com/definition/user_interface",
      note =         "[Online; accessed 26.02.2018]"
   }
   
   @MISC{Nielsen,
      author =       "NIELSEN, Jakob",
      title =        "{\it 10 Usability Heuristics for User Interface Design}",
      year =         "1995",
      month =        Jan,
      url =          "https://www.nngroup.com/articles/ten-usability-heuristics/",
      note =         "[Online; accessed 27.02.2018]"
   }
   
   @MISC{InteractionDesign,
      author =       "DAM, Rikke and Teo SIANG",
      title =        "{\it 5 Stages in the Design Thinking Process}",
      year =         "2017",
      month =        Sep,
      url =          "https://www.interaction-design.org/literature/article/5-stages-in-the-design-thinking-process",
      note =         "[Online; accessed 02.03.2018]"
   }
    
    @MISC{DoubleDiamond,
      author =       {{Design Council}},
      title =        "{\it The Design Process: What is the Double Diamond?}",
      url =          "https://www.designcouncil.org.uk/news-opinion/design-process-what-double-diamond",
      note =         "[Online; accessed 02.03.2018]"
   }
   
   @MISC{AuthorityBias,
      author =       {{Board of Innovation}},
      title =        "{\it 16 cognitive biases that can kill your decision making}",
      year =         "2017",
      month =        Aug,
      url =          "https://www.boardofinnovation.com/blog/2017/08/02/16-cognitive-biases-that-kill-innovative-thinking",
      note =         "[Online; accessed 02.03.2018]"
   }
   
   @MISC{ObservationalResearch,
      author =       {{Atlas.ti}},
      title =        "{\it Observational Research}",
      url =          "http://atlasti.com/observational-research/",
      note =         "[Online; accessed 03.03.2018]"
   }
   
   @Inbook{DirectObservation,
     author="HOLMES, Anne",
     editor="Volkmar, Fred R.",
     title="Direct Observation",
     bookTitle="Encyclopedia of Autism Spectrum Disorders",
     year="2013",
     publisher="Springer New York",
     address="New York, NY",
     pages="980--981",
     isbn="978-1-4419-1698-3",
     doi="10.1007/978-1-4419-1698-3_1758",
     url="https://doi.org/10.1007/978-1-4419-1698-3_1758"
   }
    
    @MISC{IndirectObservation,
      author =       "CARLSON, Johnni",
      title =        "{\it Indirect Observation: Characteristics, Advantages and Disadvantages}",
      year =         "2017",
      month =        Sep,
      url =          "https://www.lifepersona.com/indirect-observation-characteristics-advantages-and-disadvantages",
      note =         "[Online; accessed 03.03.2018]"
   }
   
   @MISC{AQR,
      author =       {{University Oxford Press}},
      title =        "{\it Pilot study}",
      url =          "https://www.aqr.org.uk/glossary/pilot-study",
      note =         "[Online; accessed 05.03.2018]"
   }
    
   @MISC{McCue,
      author =       "MCCUE, Matt",
      title =        "{\it How Google Ventures Uses Design Sprints to Ship Great Products}",
      year =         "2016",
      month =        Feb,
      url =          "https://99u.adobe.com/articles/52707/how-google-ventures-uses-design-sprints-to-ship-great-products",
      note =         "[Online; accessed 06.03.2018]"
   }
   
   @MISC{Aerobic,
      author =       "FRIEL, Joe",
      title =        "{\it Aerobic Threshold Training}",
      year =         "2006",
      month =        Jan,
      url =          "https://www.active.com/triathlon/articles/aerobic-threshold-training-882916",
      note =         "[Online; accessed 09.03.2018]"
   }
   
   @MISC{HumanBiases,
      author =       "SUN, Anyi",
      title =        "{\it 6 common cognitive biases UXers should know}",
      year =         "2017",
      month =        Nov,
      url =          "https://medium.muz.li/6-common-cognitive-biases-uxers-should-know-750b8c7af1a8",
      note =         "[Online; accessed 16.03.2018]"
   }
   
   @MISC{RapidPrototyping,
      author =       {{Google}},
      title =        "{\it Rapid Prototyping 1 of 3: Sketching \& Paper Prototyping}",
      year =         "2016",
      month =        Aug,
      url =          "https://www.youtube.com/watch?v=JMjozqJS44M",
      note =         "[Online; accessed 17.03.2018]"
   }
   
   @MISC{TrainingLoad,
      author =       {{Firstbeat}},
      title =        "{\it Training Load}",
      url =          "https://www.firstbeat.com/en/consumer-feature/training-load/",
      note =         "[Online; accessed 20.03.2018]"
   }
   
   @MISC{Color,
      author =       "CHAPMAN, Cameron",
      title =        "{\it Color Theory for Designers, Part 1: The Meaning of Color}",
      year =         "2010",
      month =        Jan,
      url =          "https://www.smashingmagazine.com/2010/01/color-theory-for-designers-part-1-the-meaning-of-color/",
      note =         "[Online; accessed 08.04.2018]"
   }
   
   @MISC{Fonts,
      author =       "CHO, Mikael",
      title =        "{\it The Psychology of Fonts (and how they make you feel)}",
      year =         "2014",
      month =        Mar,
      url =          "https://crew.co/blog/the-psychology-of-fonts/",
      note =         "[Online; accessed 08.04.2018]"
   }
   
   @MISC{HRzones,
      author =       {{Polar}},
      title =        "{\it Running heart rate zones | The basics}",
      year =         "2016",
      month =        Apr,
      url =          "https://www.polar.com/blog/running-heart-rate-zones-basics/",
      note =         "[Online; accessed 08.04.2018]"
   }
   
   @MISC{HRmax,
      author =       {{Polar}},
      title =        "{\it How to calculate your maximum heart rate for running}",
      year =         "2016",
      month =        Jul,
      url =          "https://www.polar.com/blog/calculate-maximum-heart-rate-running/",
      note =         "[Online; accessed 08.04.2018]"
   }
   
   @MISC{ThinkAloud,
      author =       "NIELSEN, Jakob",
      title =        "{\it Thinking Aloud: The \#1 Usability Tool}",
      year =         "2012",
      month =        Jan,
      url =          "https://www.nngroup.com/articles/thinking-aloud-the-1-usability-tool/",
      note =         "[Online; accessed 23.04.2018]"
   }
  