@book{s11wasml,
author 	= {Schlosser, Joachim},
year 	= {2011},
title 	= {Wissenschaftliche Arbeiten schreiben mit LATEX: Leitfaden f{\"u}r Einsteiger: Joachim Schlosser},
address = {Heidelberg and M{\"u}nchen and Landsberg and Frechen and Hamburg},
edition = {4},
publisher = {mitp},
isbn 	= {9783826691027}
}
@misc{ansibledirectory,
  author = "Ansible",
  title  = "Documentation",
  month  = "1",
  year   = "2017",
  url    = "http://docs.ansible.com/ansible/playbooks_best_practices.html#directory-layout"
}