@Book{J_Rybicka_LPZ,
    author = {Ji{\v{r}}{\'{i}} RYBI{\v{C}}KA},
    title = {Latex pro začátečníky},
    address = "Brno",
    publisher = "Konvoj",
    year = "2003",
    volume = "3.~vyd.",
    isbn = "80-7302-049-1",  
}

@Book{S_Kottwitz_LBG,
    author = "Stefan KOTTWITZ",
    title = "LaTeX Beginner's Guide",
    address = "Birmingham",
    publisher = "Packt Publishing",
    year = "2011",
    isbn = "9781847199867",
}

@Article{uvod_ds_latex,
	author = {Miroslav BENE{\v{S}}},
	journal = {{\'{U}}vod do syst{\'{e}}mu LaTeX},
	url = {http://www.cs.vsb.cz/benes/vyuka/latex/index.htm},
	note = {[online]. 1998 [cit. 2015-04-13]},
}

@Article{typomil,
	author = "Martin PECINA",
	journal = {Typomil},
	url = {http://www.typomil.com},
	note = {[online]. [rev. 2013-14-7][cit. 2015-04-13]},
}

@Article{zlaty_rez,
	author = {Ivana NAGYOV{\'{A}}},
	journal = {Užití zlatého řezu},
	url = {http://www.volny.cz/zlaty.rez/},
	note = {[online]. [rev. 2011-21-3][cit. 2015-04-13]},
}

@Article{wong_typography,
	author = {Bang WONG},
	title = {Points of view: Typography},
	journal = {Nature Methods},
	year = {2011},
	volume = {8},
	number = {4},
	pages = {277--277},
	issn = {1548-7091}
}

@Article{berleant_proposal,
	author = {Daniel BERLEANT},
	title = {Does typography affect proposal assessment?},
	journal = {Communications of the ACM},
	year = {2000},
	volume = {43},
	number = {8},
	pages = {24--25},
}

@PhdThesis{dig_typografie,
    author = {Ji{\v{r}}{\'{i}} MO{\v{C}}I{\v{C}}KA},
    title = "Digitální typografie",
    school = "VUT-FAVU",
    year = "2005",
    address = "Brno",
    type = "Diplomová práce",
}

@MastersThesis{web_typografie,
    author = {Michael {\v{C}}E{\v{C}}ETKA and Libor G{\'{A}}LA and Zuzana {\v{S}}EDIV{\'{A}}},
    title = "Typografie na webech malých podniků",
    school = "Vysoká škola ekonomická v Praze",
    year = "2010",
    address = "Praha",
    type = "Bakal{\'{a}}{\v{r}}k{\'{a}} diplomov{\'{a}} pr{\'{a}}ce",
}

@inProceedings{dyn_text,
  author = "SO, Joey C.Y. and CHAN, Alan H.S.",
  title = {Display Factors and Subjective Evaluation of Dynamic Text Display},
  publisher = {AIP Conference Proceedings},
  year = {2009},
  volume = {1089},
  number = {1},
  pages = {123--131},
}