@Book{Jiri_Rybicka,
    author = {Ji{\v{r}}{\'{i}} Rybi{\v{c}}ka},
    title = {Latex pro zaèáteèníky},
    address = "Brno",
    publisher = "Konvoj",
    year = "2003",
    volume = "3.~vyd.",
    isbn = "80-7302-049-1",  
}

@BOOK{A_Guide_to_LATEX,
    author = "Kopka HELMUT and Patrick W. Daly",
    title = "A Guide to LATEX",
    address = "Boston",
    publisher = "Addison-Wesley",
    year = "1999",
    volume = "3.~vyd.",
    isbn = "02-013-9825-7",
}

@Article{Strajt:LaTeX_pro_zacatecniky,
author = {Petr Štrajt},
journal = {\LaTeX pro zaèáteèníky},
url = {http://www.abclinuxu.cz/clanky/latex-pro-zacatecniky},
note = {[online]. 2010 [cit. 2013-04-17]},
}

@Article{Svamberg:Jak_na_LaTeX,
author = {Michal Švamberg},
journal = {Jak na \LaTeX},
url = {http://www.root.cz/serialy/jak-na-latex/},
note = {[online]. 2003 [cit. 2013-04-17]},
}

@Article{WIKIbooks,
author = {WIKIbooks},
journal = {\LaTeX},
url = {http://en.wikibooks.org/wiki/LaTeX},
note = {[online]. 2013 [cit. 2013-04-17]},
}

@misc{typografia,
  author = {Ane{\v{z}}ka Ba{\v{d}}urov{\'{a}}},
  title = {Dìjiny a èinnost ZK-ÚVI ÈSAV [Základní knihovny Ústøedí vìdeckých informací Èeskoslovenské akademie vìd]},
  publisher = {Základní knihovna - Ústøedí vìdeckých informací Èeskoslovenské akademie vìd},
  year = {2013},
  volume = {116},
  number = {1242},
}

@MASTERSTHESIS{Kubova-typografie,
    author = "Marcela Kubov{\'{a}}",
    title = "Kontrola typografie v Adobe InDesign",
    school = "ZCU",
    year = "2011",
    address = "Plzeò",
    type = "Bakal{\'{a}}øsk{\'{a}} pr{\'{a}}ce",
}

@MASTERSTHESIS{Filousova-knihtisk,
    author = "Ivana Filou{\v{s}}ov{\'{a}}",
    title = "Poèátky knihtisku na Moravì",
    school = "MU-FK",
    year = "2009",
    address = "Brno",
    type = "Bakal{\'{a}}øsk{\'{a}} diplomov{\'{a}} pr{\'{a}}ce",
}

@Article{computer:clanek1,
	author = {Ji{\v{r}}{\'{i}} Kurec a Jakub Michlovks{\'{y}}},
	title = {Malování kapkami inkoustu},
	journal = {Computer},
	year = {2013},
	volume = {20},
	number = {2},
	pages = {18-29},
	issn = {1214-8790}
}

@Article{flexotisk:clanek2,
	author = {Patrik Thoma},
	title = {Flexotisk},
	journal = {Reklamní produkce},
	year = {2005},
	volume = {7},
	number = {3},
	pages = {9-12},
	issn = {1212-4141}
}